<?xml version="1.0" encoding="UTF-8"?>
<records xmlns="http://www.openarchives.org/OAI/2.0/">
  <record>
    <header>
      <identifier>oai:mst.rochester.edu:15</identifier>
    </header>
    <metadata>
      <marc:record xmlns:marc="http://www.loc.gov/MARC21/slim" xmlns:xsi="http://www.w3.org/2001/XMLSchema-instance" xsi:schemaLocation="http://www.loc.gov/MARC21/slim http://www.loc.gov/standards/marcxml/schema/MARC21slim.xsd">
        <marc:leader>01068ncm a2200313   45 A</marc:leader>
        <marc:controlfield tag="001">1188190</marc:controlfield>
        <marc:controlfield tag="003">NRU</marc:controlfield>
        <marc:controlfield tag="008">930312q19001909au sga         n    ger d</marc:controlfield>
        <marc:datafield tag="028" ind1="3" ind2="0">
          <marc:subfield code="a">3872</marc:subfield>
          <marc:subfield code="b">Josef Eberle</marc:subfield>
        </marc:datafield>
        <marc:datafield tag="028" ind1="2" ind2="0">
          <marc:subfield code="a">J.E. 907</marc:subfield>
          <marc:subfield code="b">Josef Eberle</marc:subfield>
        </marc:datafield>
        <marc:datafield tag="035" ind1=" " ind2=" ">
          <marc:subfield code="b">ocm</marc:subfield>
          <marc:subfield code="a">27722303 </marc:subfield>
        </marc:datafield>
        <marc:datafield tag="035" ind1=" " ind2=" ">
          <marc:subfield code="9">01137754</marc:subfield>
        </marc:datafield>
        <marc:datafield tag="040" ind1=" " ind2=" ">
          <marc:subfield code="a">RER</marc:subfield>
          <marc:subfield code="c">RER</marc:subfield>
        </marc:datafield>
        <marc:datafield tag="048" ind1=" " ind2=" ">
          <marc:subfield code="a">vh01</marc:subfield>
          <marc:subfield code="a">ka01</marc:subfield>
        </marc:datafield>
        <marc:datafield tag="049" ind1=" " ind2=" ">
          <marc:subfield code="a">RERA</marc:subfield>
        </marc:datafield>
        <marc:datafield tag="090" ind1=" " ind2=" ">
          <marc:subfield code="a">M1620</marc:subfield>
          <marc:subfield code="b">.S378</marc:subfield>
        </marc:datafield>
        <marc:datafield tag="099" ind1=" " ind2=" ">
          <marc:subfield code="a">M1620 .S378</marc:subfield>
        </marc:datafield>
        <marc:datafield tag="100" ind1="1" ind2=" ">
          <marc:subfield code="a">Schreker, Franz,</marc:subfield>
          <marc:subfield code="d">1878-1934.</marc:subfield>
        </marc:datafield>
        <marc:datafield tag="240" ind1="1" ind2="0">
          <marc:subfield code="a">Lieder,</marc:subfield>
          <marc:subfield code="n">op. 4</marc:subfield>
        </marc:datafield>
        <marc:datafield tag="245" ind1="0" ind2="0">
          <marc:subfield code="a">Fu&#x308;nf Lieder fu&#x308;r hohe Stimme mit Begleitung des Pianoforte. Op. 4.</marc:subfield>
        </marc:datafield>
        <marc:datafield tag="260" ind1=" " ind2=" ">
          <marc:subfield code="a">Wien,</marc:subfield>
          <marc:subfield code="b">Josef Eberle</marc:subfield>
          <marc:subfield code="c">[190-]</marc:subfield>
        </marc:datafield>
        <marc:datafield tag="300" ind1=" " ind2=" ">
          <marc:subfield code="a">score (13 p.)</marc:subfield>
          <marc:subfield code="c">34 cm.</marc:subfield>
        </marc:datafield>
        <marc:datafield tag="500" ind1=" " ind2=" ">
          <marc:subfield code="a">Publisher's no.: Universal-Edition Nr. 3872.</marc:subfield>
        </marc:datafield>
        <marc:datafield tag="505" ind1="0" ind2=" ">
          <marc:subfield code="a">Fru&#x308;hling (Lemayer).--Unendliche Liebe (Tolstoi).--Wohl fu&#x308;hl' ich (Storm).--Liebe als Rezensentin (Sturm).--Lenzzauber (Scherenberg).</marc:subfield>
        </marc:datafield>
        <marc:datafield tag="590" ind1=" " ind2=" ">
          <marc:subfield code="a">Sibley Music Library copy bound with Schreker, Fu&#x308;nf Gesa&#x308;nge (1909).</marc:subfield>
        </marc:datafield>
        <marc:datafield tag="650" ind1=" " ind2="0">
          <marc:subfield code="a">Songs (High voice) with piano.</marc:subfield>
        </marc:datafield>
        <marc:datafield tag="910" ind1=" " ind2=" ">
          <marc:subfield code="a">  950805         </marc:subfield>
        </marc:datafield>
        <marc:datafield tag="911" ind1=" " ind2=" ">
          <marc:subfield code="a">u</marc:subfield>
        </marc:datafield>
        <marc:datafield tag="966" ind1=" " ind2=" ">
          <marc:subfield code="l">/Stack</marc:subfield>
          <marc:subfield code="m">SMONO </marc:subfield>
          <marc:subfield code="s">M1620 .S378</marc:subfield>
          <marc:subfield code="c"> 1</marc:subfield>
        </marc:datafield>
      </marc:record>
    </metadata>
  </record>
</records>
